@misc{wiki:sgd,
  author = "{Wikipedia contributors}",
  title = "Stochastic gradient descent --- {Wikipedia}{,} The Free Encyclopedia",
  year = "2022",
  url = "https://en.wikipedia.org/wiki/Stochastic_gradient_descent",
  note = "[Online; accessed 1-February-2022]"
}